@Article{CA2,
  author =	 {Adami, C.},
  title =	 {Self-organized criticality in living systems},
  journal =	 {Physics Letters A},
  year =	 1995,
  volume =	 {203},
  pages =	 {29-32}
}
